@inproceedings{emden_java_2002,
	title = {Java quality assurance by detecting code smells},
	doi = {10.1109/WCRE.2002.1173068},
	booktitle = {Ninth {Working} {Conference} on {Reverse} {Engineering}, 2002. {Proceedings}.},
	author = {Emden, E. van and Moonen, L.},
	month = nov,
	year = {2002},
	keywords = {automatic code inspection, code smells, Documentation, Inspection, Java, program visualisation, Prototypes, quality assurance, Quality assurance, refactoring, Software design, software inspection, Software prototyping, software quality, Software quality, Software tools, Visualization, Code Smells},
	pages = {97--106},
	file = {IEEE Xplore Abstract Record:C\:\\Users\\Charles\\Zotero\\storage\\U2RVQWXT\\1173068.html:text/html;IEEE Xplore Full Text PDF:C\:\\Users\\Charles\\Zotero\\storage\\368A2B7J\\Emden and Moonen - 2002 - Java quality assurance by detecting code smells.pdf:application/pdf}
}

@inproceedings{gopstein_understanding_2017,
	address = {Paderborn, Germany},
	title = {Understanding misunderstandings in source code},
	isbn = {978-1-4503-5105-8},
	url = {http://dl.acm.org/citation.cfm?doid=3106237.3106264},
	doi = {10.1145/3106237.3106264},
	language = {en},
	urldate = {2018-08-25},
	booktitle = {Proceedings of the 2017 11th {Joint} {Meeting} on {Foundations} of {Software} {Engineering}  - {ESEC}/{FSE} 2017},
	publisher = {ACM Press},
	author = {Gopstein, Dan and Iannacone, Jake and Yan, Yu and DeLong, Lois and Zhuang, Yanyan and Yeh, Martin K.-C. and Cappos, Justin},
	year = {2017},
	pages = {129--139},
	file = {Gopstein et al. - 2017 - Understanding misunderstandings in source code.pdf:C\:\\Users\\Charles\\Zotero\\storage\\M852M3QG\\Gopstein et al. - 2017 - Understanding misunderstandings in source code.pdf:application/pdf}
}

@inproceedings{gopstein_prevalence_2018,
	address = {Gothenburg, Sweden},
	title = {Prevalence of confusing code in software projects: atoms of confusion in the wild},
	isbn = {978-1-4503-5716-6},
	shorttitle = {Prevalence of confusing code in software projects},
	url = {http://dl.acm.org/citation.cfm?doid=3196398.3196432},
	doi = {10.1145/3196398.3196432},
	language = {en},
	urldate = {2018-08-25},
	booktitle = {Proceedings of the 15th {International} {Conference} on {Mining} {Software} {Repositories}  - {MSR} '18},
	publisher = {ACM Press},
	author = {Gopstein, Dan and Zhou, Hongwei Henry and Frankl, Phyllis and Cappos, Justin},
	year = {2018},
	pages = {281--291},
	file = {Gopstein et al. - 2018 - Prevalence of confusing code in software projects.pdf:C\:\\Users\\Charles\\Zotero\\storage\\VSYFLRZH\\Gopstein et al. - 2018 - Prevalence of confusing code in software projects.pdf:application/pdf}
}

@inproceedings{yeh_detecting_2017,
	address = {Indianapolis, IN},
	title = {Detecting and comparing brain activity in short program comprehension using {EEG}},
	isbn = {978-1-5090-5920-1},
	url = {http://ieeexplore.ieee.org/document/8190486/},
	doi = {10.1109/FIE.2017.8190486},
	language = {en},
	urldate = {2018-08-25},
	booktitle = {2017 {IEEE} {Frontiers} in {Education} {Conference} ({FIE})},
	publisher = {IEEE},
	author = {Yeh, Martin K.-C. and Gopstein, Dan and Yan, Yu and Zhuang, Yanyan},
	month = oct,
	year = {2017},
	pages = {1--5},
	file = {Yeh et al. - 2017 - Detecting and comparing brain activity in short pr.pdf:C\:\\Users\\Charles\\Zotero\\storage\\2ZSQ2KZP\\Yeh et al. - 2017 - Detecting and comparing brain activity in short pr.pdf:application/pdf}
}

@inproceedings{olbrich_are_2010,
	title = {Are all code smells harmful? {A} study of {God} {Classes} and {Brain} {Classes} in the evolution of three open source systems},
	shorttitle = {Are all code smells harmful?},
	doi = {10.1109/ICSM.2010.5609564},
	booktitle = {2010 {IEEE} {International} {Conference} on {Software} {Maintenance}},
	author = {Olbrich, S. M. and Cruzes, D. S. and Sj√∏berg, D. I. K.},
	month = sep,
	year = {2010},
	keywords = {code smells, Code Smells, brain classes, change frequency, Code smells, Data analysis, defects, detection strategies, FAA, god classes, Instruments, maintainability, object-oriented programming, object-oriented systems, open source, open source systems, public domain software, Software, software evolution, software maintenance},
	pages = {1--10},
	file = {IEEE Xplore Abstract Record:C\:\\Users\\Charles\\Zotero\\storage\\8IVUK2JS\\5609564.html:text/html;IEEE Xplore Full Text PDF:C\:\\Users\\Charles\\Zotero\\storage\\VHVRAZBU\\Olbrich et al. - 2010 - Are all code smells harmful A study of God Classe.pdf:application/pdf}
}